% INFORMAL MATHEMATICS
@book{Washington1997,
	title        = {Introduction to Cyclotomic Fields},
	author       = {Washington,  Lawrence C.},
	year         = {1997},
	journal      = {Graduate Texts in Mathematics},
	publisher    = {Springer New York},
	url          = {http://dx.doi.org/10.1007/978-1-4612-1934-7}
}
@book{SwinnertonDyer2001,
	title        = {A Brief Guide to Algebraic Number Theory},
	author       = {Swinnerton-Dyer,  H. P. F.},
	year         = {2001},
	publisher    = {Cambridge University Press},
	url          = {http://dx.doi.org/10.1017/CBO9781139173360}
}
@book{Hindry2011,
	title        = {Arithmetics},
	author       = {Hindry,  Marc},
	year         = {2011},
	journal      = {Universitext},
	publisher    = {Springer London},
	url          = {http://dx.doi.org/10.1007/978-1-4471-2131-2}
}
@book{Marcus2018,
	title        = {Number Fields},
	author       = {Marcus,  Daniel A.},
	year         = {2018},
	journal      = {Universitext},
	publisher    = {Springer International Publishing},
	url          = {http://dx.doi.org/10.1007/978-3-319-90233-3}
}
% FORMAL MATHEMATICS
@inbook{Bourbaki1989,
	title        = {Algebraic Structures},
	author       = {Bourbaki,  Nicolas},
	year         = {1989},
	booktitle    = {Algebra I: Chapters 1-3},
	url          = {http://dx.doi.org/10.1007/978-3-540-64243-5}
}
@inbook{Bourbaki2004,
	title        = {Description of Formal Mathematics},
	author       = {Bourbaki,  Nicolas},
	year         = {2004},
	booktitle    = {Theory of Sets},
	url          = {http://dx.doi.org/10.1007/978-3-642-59309-3_2}
}
@article{Avigad2014,
	title        = {Formally verified mathematics},
	author       = {Avigad,  Jeremy and Harrison,  John},
	year         = {2014},
	journal      = {Communications of the ACM},
	url          = {http://dx.doi.org/10.1145/2591012}
}
@article{Avigad2018,
	title        = {The Mechanization of Mathematics},
	author       = {Avigad,  Jeremy},
	year         = {2018},
	journal      = {Notices of the American Mathematical Society},
	url          = {http://dx.doi.org/10.1090/noti1688}
}
@article{Avigad2020,
	title        = {Foundations},
	author       = {Avigad,  Jeremy},
	year         = {2020},
	journal      = {arXiv},
	url          = {https://arxiv.org/abs/2009.09541}
}
@article{Avigad2021,
	title        = {Varieties of Mathematical Understanding},
	author       = {Avigad,  Jeremy},
	year         = {2021},
	journal      = {Bulletin of the American Mathematical Society},
	url          = {http://dx.doi.org/10.1090/bull/1726}
}
@article{Massot2021,
	title        = {Why Formalize Mathematics?},
	author       = {Massot,  Patrick},
	year         = {2021},
	url          = {https://www.imo.universite-paris-saclay.fr/~patrick.massot/files/exposition/why_formalize.pdf}
}
@book{Avigad2022,
	title        = {Mathematical Logic and Computation},
	author       = {Avigad,  Jeremy},
	year         = {2022},
	publisher    = {Cambridge University Press},
	url          = {http://dx.doi.org/10.1017/9781108778756}
}
@inbook{Avigad2023,
	title        = {The Design of Mathematical Language},
	author       = {Avigad,  Jeremy},
	year         = {2023},
	booktitle    = {Handbook of the History and Philosophy of Mathematical Practice},
	url          = {http://dx.doi.org/10.1007/978-3-030-19071-2_64-1}
}
@article{Bentkamp2023,
	title        = {Mechanical Mathematicians},
	author       = {Bentkamp,  Alexander and Blanchette,  Jasmin and Nummelin,  Visa and Tourret,  Sophie and VukmiroviÄ‡,  Petar and Waldmann,  Uwe},
	year         = {2023},
	journal      = {Communications of the ACM},
	url          = {http://dx.doi.org/10.1145/3557998}
}
@article{Avigad2024,
	title        = {Mathematics and the Formal Turn},
	author       = {Avigad,  Jeremy},
	year         = {2024},
	journal      = {Bulletin of the American Mathematical Society},
	url          = {http://dx.doi.org/10.1090/bull/1832}
}
% LEAN
@misc{LAMR,
	title        = {Logic and Proof},
	author       = {Avigad, Jeremy and van Doorn, Floris and Lewis, Robert},
	url          = {https://leanprover.github.io/logic_and_proof/}
}
@misc{MIL,
	title        = {Mathematics in Lean},
	author       = {Avigad, Jeremy and Massot, Patrick},
	url          = {https://leanprover-community.github.io/mathematics_in_lean/}
}
@misc{TPIL,
	title        = {Theorem Proving in Lean 4},
	author       = {Avigad, Jeremy and de Moura, Leonardo and Kong, Soonho and Ullrich, Sebastian},
	url          = {https://leanprover.github.io/theorem_proving_in_lean4/}
}
@misc{MOP,
	title        = {The Mechanics of Proof},
	author       = {Macbeth, Heather},
	url          = {https://hrmacbeth.github.io/math2001/}
}
@misc{HTPIWL,
	title        = {How To Prove It With Lean},
	author       = {Velleman, Daniel},
	url          = {https://djvelleman.github.io/HTPIwL/}
}
@misc{FPIL,
	title        = {Functional Programming in Lean},
	author       = {Christiansen, David Thrane},
	url          = {https://lean-lang.org/functional_programming_in_lean/}
}
@article{Ebner2017,
	title        = {A metaprogramming framework for formal verification},
	author       = {Ebner,  Gabriel and Ullrich,  Sebastian and Roesch,  Jared and Avigad,  Jeremy and de Moura,  Leonardo},
	year         = {2017},
	journal      = {Proceedings of the ACM on Programming Languages},
	url          = {http://dx.doi.org/10.1145/3110278}
}
@misc{Carneiro2019,
	title        = {The Type Theory of Lean},
	author       = {Carneiro, Mario},
	year         = {2019},
	url          = {https://github.com/digama0/lean-type-theory/releases/tag/v1.0}
}
@inproceedings{Mathlib2020,
	title        = {The Lean Mathematical Library},
	author       = {The Mathlib Community},
	year         = {2020},
	booktitle    = {Proceedings of the 9th ACM SIGPLAN International Conference on Certified Programs and Proofs},
	url          = {http://dx.doi.org/10.1145/3372885.3373824}
}
@inbook{vanDoorn2020,
	title        = {Maintaining a Library of Formal Mathematics},
	author       = {van Doorn,  Floris and Ebner,  Gabriel and Lewis,  Robert Y.},
	year         = {2020},
	booktitle    = {Intelligent Computer Mathematics},
	url          = {http://dx.doi.org/10.1007/978-3-030-53518-6_16}
}
@inbook{Moura2021,
	title        = {The Lean 4 Theorem Prover and Programming Language},
	author       = {de Moura,  Leonardo and Ullrich,  Sebastian},
	year         = {2021},
	booktitle    = {Lecture Notes in Computer Science},
	url          = {https://doi.org/10.1007/978-3-030-79876-5_37}
}
% PROJECT
@misc{FLT3LFTCM2024,
	title        = {FLT3 at Lean for the Curious Mathematician 2024},
	author       = {Lowry-Duda, David},
	year         = {2024},
	url          = {https://davidlowryduda.com/flt3-at-lftcm2024/}
}
@misc{FLT,
	title        = {The Fermat's Last Theorem Project},
	author       = {Buzzard, Kevin},
	year         = {2024},
	url          = {https://leanprover-community.github.io/blog/posts/FLT-announcement/}
}
